@BOOK{dinglichang,
	title = {常微分方程教程},
	publisher = {高等教育出版社},
	author = {丁同仁,李承治.},
	year = {2004},
	edition = {2th},
}

@BOOK{terence_tao_analysis,
	title = {陶哲轩实分析},
	publisher = {人民邮电出版社},
	author = {陶哲轩著,王昆扬译.},
	year = {2008},
}

@BOOK{symmetry_methods_for_differential_equations,
	title = {Symmetry Methods for Differential Equations:A Beginner's Guide},
	publisher = {CAMBRIDGE UNIVERSITY PRESS},
	author = {PETER E.HYDON.},
	year = {2000},
	edition = {1th},
}

@ARTICLE{Smith:2013jd,
	author = {Jones, A.~B. and Smith, J.~M.},
	title = {{A}rticle {T}itle},
	journal = {Journal title},
	year = {2013},
	volume = {13},
	pages = {123-456},
	number = {52},
	month = {March},
	publisher = {Publisher}
}